2656 4226
457 210 483 289 q
628 205 667 267 s.
699 198 852 265 coru.
883 198 1037 265 crisi
1120 200 1184 267 ru.
1208 211 1242 271 ιε

457 351 529 394 nem
561 346 676 410 magna
695 348 732 389 ox
763 344 848 409 parre
869 326 1019 395 mutavit.
1087 328 1136 392 Ex
1157 329 1238 400 cujus

458 411 668 475 scutellotibus
704 408 871 475 Themison
911 431 1003 493 nuper
1033 410 1092 492 ipse
1121 432 1237 495 quoque

460 493 596 577 quaedam
621 495 654 555 in
685 491 832 556 sanctiore
861 492 1014 557 deflerit.
1048 495 1090 555 Et
1114 515 1164 575 pcr
1184 495 1238 556 hos

351 602 437 664 μη.
455 576 584 724 {uidem
608 577 740 641 maxima
757 578 838 639 viros
858 574 998 640 salutaris
1010 576 1236 661 illanobispro·

485 659 538 725 llio
559 661 707 728 increvit.
1279 679 1297 741 ς

499 746 656 820 Quoniam
679 759 780 811 autem
810 764 846 806 er
869 742 966 809 tribus
985 741 1141 805 medicina
1190 761 1237 803 ar·-

456 830 539 894 tibus
561 874 571 906 ,
593 844 627 891 ut
649 825 835 892 difficillima
857 872 867 903 ‚
898 827 935 889 fio
958 827 1051 891 ctiam
1075 764 1237 889 clarissima

456 915 498 977 cst
516 933 579 989 eo,
612 932 677 995 quae
699 910 815 974 morbis
844 909 1008 993 medetur,
1038 926 1111 975 ante
1131 909 1235 975 omnia

455 997 492 1059 de
514 996 572 1058 hac
602 994 760 1060 dicendum
783 995 841 1057 est.
887 994 956 1072 Et,
986 993 1059 1078 quia
1084 992 1181 1075 prima
1199 991 1234 1059 in

456 1097 491 1143 ea
513 1078 647 1142 dissenfio
668 1079 734 1155 est,
762 1077 842 1161 quud
865 1077 921 1140 alii
943 1078 996 1143 libi
1020 1077 1233 1159 experimento·
1257 1096 1297 1139 ro
1324 1124 1325 1161 q

455 1183 524 1226 rum
551 1161 765 1225 tantummodo
799 1161 946 1225 notitiam
980 1160 1171 1225 necessariam
1195 1156 1234 1221 es·

454 1246 484 1309 fc
505 1246 693 1311 contendunt
715 1265 723 1306 τ
756 1245 840 1321 alii,
869 1245 925 1307 nifi
946 1263 1104 1327 corporum
1126 1263 1235 1306 rerum-

454 1352 512 1413 que
535 1329 722 1395 naturalium
744 1329 864 1394 mtione
885 1344 1057 1410 comperta,
1081 1348 1142 1395 non
1164 1325 1237 1395 satis

455 1431 611 1496 potentem
634 1412 717 1477 usum
740 1413 794 1475 else
809 1428 1008 1495 proponunt:
1038 1410 1233 1477 indicandum

455 1499 526 1575 ost,
557 1517 622 1581 quae
653 1497 786 1559 maxime
809 1517 845 1558 ex
868 1511 995 1578 utraque
1026 1510 1110 1578 parte
1132 1494 1290 1577 dican-15

455 1598 524 1660 tur,
545 1602 607 1664 quo
623 1579 745 1644 facilius
759 1579 860 1647 nostra
875 1598 993 1664 quoque
1018 1578 1126 1667 opinio
1142 1580 1235 1648 inter„

455 1667 529 1749 poni
548 1663 655 1745 possit.

497 1750 597 1829 Igitur
638 1748 703 1825 hi,
733 1747 786 1829 qui
829 1746 1013 1810 rationalem
1052 1745 1236 1809 medicinam

452 1833 658 1915 profitentur,
691 1833 753 1894 hac
777 1830 938 1894 necelsaria
961 1831 1015 1893 else
1038 1846 1231 1913 proponunt.

452 1916 639 1979 Abditarum
682 1915 714 1978 &
745 1914 868 1975 morbos
911 1914 1138 1981 continentium
1166 1934 1233 1980 ceu·
1251 1934 1287 1977 ao

450 1998 550 2059 sarum
574 1998 748 2070 notitiam,
778 1995 885 2061 deindo
916 1995 1142 2074 Evidentium‚
1172 1999 1233 2080 poll

451 2082 514 2143 haec
545 2081 640 2142 etiam
673 2077 873 2141 Naturalium
901 2078 1084 2159 asiionum,
1115 2081 1235 2147 novissi·

453 2184 503 2225 ine
532 2164 669 2226 Patrium
701 2160 881 2224 interiorum
910 2206 919 2222 .
960 2162 1092 2227 Abditas
1131 2163 1235 2228 causas

452 2264 598 2323 uocant,
630 2246 663 2308 in
694 2242 805 2326 quibus
833 2244 1027 2326 requiritur,
1058 2268 1094 2311 ex
1146 2248 1233 2319 uibus

451 2330 619 2413 principiis
641 2327 740 2393 nostra
771 2345 897 2409 corpora
927 2329 1012 2407 lint,
1035 2331 1109 2415 quid
1124 2270 1233 2402 iecun.
1253 2350 1291 2412 23

453 2414 557 2488 dam,
587 2411 661 2495 quid
688 2407 843 2477 adversam
875 2412 1082 2477 valetudinem
1106 2413 1234 2487 faciat.

342 2521 428 2579 52¹0·
452 2500 559 2579 Neque
581 2496 663 2559 enim
680 2493 832 2572 credunt,
853 2495 931 2579 posse
946 2518 1014 2560 eum
1036 2497 1136 2578 scire,
1157 2522 1235 2585 quo-⁸

319 2603 368 2662 3²·
453 2583 544 2642 modo
575 2581 696 2642 morbos
717 2597 821 2645 tutare
837 2582 1038 2660 ¹conveniret,
1091 2585 1148 2661 ui,
1180 2605 1236 2648 un·

339 2669 428 2747 6‚32.
452 2665 488 2728 de
510 2663 542 2725 hi
563 2662 640 2741 sint,
662 2662 681 2725 h
704 2663 845 2745 ignoret.
870 2666 976 2747 Neque
998 2668 1052 2732 else
1069 2605 1200 2731 dubium
1224 2716 1235 2749 ‚

317 2769 431 2832 7,3‚19.
455 2749 530 2833 quin
552 2747 616 2810 alia
639 2748 795 2809 curatione
811 2766 884 2830 opus
906 2749 966 2827 sit,
995 2751 1015 2813 fi
1045 2772 1080 2814 ex
1101 2771 1237 2835 quatuor
1257 2774 1303 2835 3⁶2

448 2830 606 2918 principiis
633 2831 681 2895 vel
710 2828 850 2913 superans
874 2831 990 2916 aliquid
1016 2835 1065 2899 uel
1089 2835 1234 2900 deficiens

448 2913 602 2980 aduersam
641 2899 846 2979 valetuolnem
886 2934 1001 2991 creat3
1038 2936 1071 2982 ur
1104 2922 1234 3004 quidam

446 3021 482 3063 er
511 2997 664 3082 sapientia
692 2996 899 3082 professoribus
931 3001 1072 3067 diremnt
1094 3004 1197 3072 :alia
1221 3047 1238 3081 ‚‚

445 3085 476 3146 u.
495 3084 550 3144 in.
572 3080 704 3146 humidis
735 3103 826 3146 omno
851 3085 965 3149 vitium
994 3086 1067 3160 est;
1096 3103 1128 3149 ur
1160 3085 1232 3146 He«

1138 3188 1172 3228 ro

486 3249 507 3309 h
527 3254 575 3312 Dc
597 3247 705 3311 ularii.
729 3270 776 3315 ιι.
796 3270 826 3332 3.
844 3273 874 3335 ᾳ
893 3250 1013 3319 Pallas.
1032 3255 1073 3322 ad
1093 3203 1234 3337 Hippius

445 3334 752 3429 „Epidvupapazq
1231 3356 1237 3363 ’
