2656 4226
443 302 513 381 ,ιε
641 303 679 367 A.
710 297 865 368 contr.
898 296 1058 366 crist
1147 253 1268 373 'anag

473 428 618 512 opinioni
634 445 780 515 repugnat
802 452 812 502 3
834 429 1022 513 quietare,
1045 424 1100 488 nisr
1119 425 1180 509 post
1203 427 1268 489 ho·

475 531 543 575 turn
571 513 717 598 aliquid,
752 514 875 576 morbus
896 513 1009 576 venir.
1055 510 1171 572 Deinde
1192 530 1266 573 non

475 593 639 679 sequitur,
669 614 703 660 ut
725 598 805 681 quod
835 597 931 658 alium
956 616 1018 657 noo
1042 591 1173 670 afficit,
1202 608 1264 657 out

475 680 601 743 eundern
624 679 728 759 alias,
751 682 783 743 id
805 702 842 743 ne
865 678 957 743 alteri
976 677 1118 763 quidem,
1141 692 1193 739 aur
1217 678 1264 740 ei·

430 803 438 815 ι
474 764 543 825 dem
577 780 711 847 ternpore
744 765 808 827 alio
842 780 977 827 noceat.
1022 761 1144 824 Possunt
1174 761 1261 823 enim
1300 780 1305 839 r

474 847 609 930 quodam
640 848 750 913 subesse
773 850 929 932 corpori,
961 847 1010 910 vel
1036 866 1071 909 ex
1095 842 1266 908 infirmita-

477 932 610 1009 terius,
644 932 694 995 vel
716 953 752 997 ex
775 932 818 996 ali
841 953 881 996 uo
903 929 1037 1008 assedit,
1066 949 1132 1012 quae
1152 928 1201 990 vel
1224 930 1266 991 in

475 1014 542 1076 aiio
563 1036 625 1077 non
657 1014 755 1093 sont,
784 954 839 1081 vei
857 1016 891 1078 in
922 1016 980 1078 hoc
1010 1012 1092 1078 aliar
1112 1031 1174 1074 non
1196 1010 1266 1075 fue-

474 1115 573 1176 runt,
596 1120 688 1181 eaque
706 1120 756 1182 per
777 1097 806 1163 se
828 1120 891 1164 non
914 1116 1024 1177 tanta,
1044 1112 1079 1159 ut
1100 1096 1263 1160 concitent

474 1182 615 1245 morbum
639 1205 649 1255 ;
676 1199 780 1245 tamen
800 1183 967 1248 obnoxium
992 1181 1091 1265 magis
1114 1179 1185 1242 aliis
1212 1180 1262 1243 in·
1280 1196 1302 1243 tr

477 1264 564 1336 iuriis
586 1286 693 1350 corpus
715 1264 874 1331 efficiant.
908 1266 998 1344 Quod
1026 1266 1047 1328 si
1069 1263 1261 1347 contempla·
1304 1316 1305 1345 ἶ

476 1348 595 1412 tionem
618 1370 715 1413 rerum
737 1369 852 1415 naturae
871 1355 896 1433 f
910 1355 924 1430 (
945 1370 1038 1435 quam
1060 1368 1124 1411 non
1147 1363 1260 1411 temere
1304 1352 1305 1371 ¹

477 1432 594 1495 Medici
616 1434 671 1496 fibi
692 1435 858 1498 vendicant
880 1439 897 1517 >
916 1434 989 1501 satis
1019 1431 1261 1515 comprehendis·

476 1512 548 1594 set,
570 1517 665 1580 etiarn
688 1518 765 1586 iilud
787 1519 881 1584 scisset
894 1518 996 1597 ,nihil
1017 1517 1147 1584 omnino
1168 1515 1213 1579 ob
1230 1537 1260 1580 rr·

476 1618 550 1660 narn
568 1598 690 1669 causam
712 1602 806 1681 sieri,
836 1601 883 1665 sed
907 1602 937 1666 id
960 1622 1013 1687 pto
1043 1598 1132 1664 causa
1156 1619 1290 1684 apocr-rr

468 1681 601 1762 nendi,
630 1685 712 1769 quod
733 1686 892 1751 contulisse
920 1687 1083 1771 plurimum
1106 1682 1258 1750 videtur.

474 1765 576 1830 Potest
591 1786 693 1833 autem
718 1772 747 1833 id
764 1817 776 1850 ,
796 1771 868 1835 door
894 1769 991 1837 solum
1019 1770 1085 1847 tsi,
1108 1786 1172 1831 oon
1199 1788 1259 1835 mo

474 1870 570 1925 vere,
601 1855 683 1938 quod
706 1854 842 1928 junctum
866 1855 937 1920 aliis
964 1854 1099 1918 maxime
1123 1871 1259 1917 movet.

475 1937 765 2019 mediterrone,
787 1940 867 2025 quod
892 1961 932 2003 ne
948 1937 1009 2023 ipse
1032 1936 1155 2021 quidem
1182 1937 1261 2002 Era·

445 2019 605 2093 ,fidratus
630 2067 642 2096 ,
692 2025 724 2085 ui
749 2022 900 2089 transfuso
927 2025 959 2085 in
986 2022 1114 2086 arterias
1138 2019 1195 2083 sarr
1218 2023 1287 2089 iri-o

476 2121 514 2163 ne
539 2102 653 2166 sebrern
671 2044 744 2166 deri
767 2106 845 2167 dicit
869 2147 880 2180 ,
911 2105 1001 2189 idque
1024 2106 1117 2168 nirnis
1143 2042 1255 2190 repieta

475 2203 600 2268 corpore
615 2185 747 2249 incidere
765 2230 775 2262 ,
797 2183 931 2270 reperit,
954 2208 1006 2250 cur
1023 2210 1059 2255 ex
1083 2188 1201 2253 duobus
1217 2210 1249 2252 e·

475 2288 533 2352 quc
550 2267 692 2352 repletis,
711 2269 841 2337 alterio
860 2272 999 2335 morbum
1018 2271 1162 2336 inciderit
1183 2272 1246 2350 ‚ai-

476 2369 523 2416 tet
541 2352 627 2416 omni
645 2351 782 2436 periculo
794 2354 932 2427 vacarir;
953 2355 1034 2439 quod
1051 2356 1194 2440 quotidie
1212 2355 1255 2419 fie·
1304 2392 1305 2449 r

476 2437 503 2497 ri
520 2451 660 2521 apparet.
706 2436 754 2503 Ex
771 2458 835 2521 quo
849 2436 923 2503 disci
939 2440 1058 2522 potest,
1081 2458 1115 2505 ut
1133 2460 1209 2504 vcra
1224 2440 1257 2503 fit
1275 2452 1305 2533 ²d

477 2518 535 2580 illa
557 2517 750 2599 transfusio,
782 2539 887 2584 tamen
914 2522 1002 2586 illarn
1030 2544 1093 2587 non
1121 2522 1261 2607 perse,
1304 2538 1305 2561 ¹

476 2620 546 2664 curn
563 2594 686 2686 plenum
703 2625 808 2688 corpus
832 2606 899 2685 cst,
922 2605 987 2671 fieri
1004 2628 1015 2683 3
1035 2607 1083 2673 sed
1111 2628 1186 2675 curn
1206 2609 1265 2671 iro·

476 2703 543 2748 rum
561 2685 678 2769 aliquid
696 2690 864 2755 accesserit.

517 2769 712 2835 Themisonis
743 2795 816 2839 vero
855 2774 990 2854 amuli,
1023 2776 1045 2840 sr
1085 2787 1269 2857 perpetua,

474 2873 540 2937 quae
556 2855 595 2934 ᾧ
610 2859 819 2938 promittunt,
841 2859 984 2937 habent,
1007 2858 1102 2943 magis
1128 2857 1237 2922 eriam
1258 2904 1269 2936 ‚
1288 2892 1305 2956 3,

474 2958 567 3021 quarn
584 2938 634 3007 illi
660 2944 826 3008 rationales
854 2942 941 3012 sunta
969 2944 1075 3027 Neque
1101 2941 1187 3007 enirn
1205 2988 1221 3018 ,
1247 2945 1272 3007 si

473 3022 542 3104 quis
560 3042 622 3087 non
638 3028 744 3093 omnia
762 3044 845 3093 tenet
863 3072 873 3104 ‚
895 3047 963 3112 quo
987 3026 1151 3089 rationalis
1179 3026 1275 3089 alius

472 3105 614 3188 probat,
644 3111 781 3193 protinus
811 3111 877 3174 alio
906 3129 998 3173 novo*
1027 3111 1154 3174 nomine
1181 3111 1281 3175 artis

473 3188 618 3273 indiget:
640 3195 796 3276 simodO,
826 3192 906 3278 quod
935 3194 1069 3278 primum
1092 3194 1133 3257 est
1152 3237 1169 3275 ,Α
1193 3210 1279 3259 non

1155 3295 1228 3338 rne-

513 3355 532 3415 f
547 3360 660 3421 DeVer.
674 3362 754 3424 Med.
766 3381 878 3425 xxxvr.
893 3361 940 3424 18.
972 3360 1010 3440 ὤ
1030 3360 1280 3442 HorarAEprsta.

475 3435 527 3505 db.
537 3459 565 3505 a.
577 3440 666 3523 Quod
676 3444 860 3513 medicorum
870 3444 921 3527 esi,
932 3444 1117 3535 promittunt
1126 3443 1285 3515 medici.
