2628 4204
490 172 556 253 ue
659 176 699 239 a.
730 167 886 237 coru.
919 162 1077 228 catat
1170 159 1244 227 ara
1259 182 1306 246 3.

490 310 575 372 tum'
592 301 657 368 beri
687 295 814 383 potest,
843 293 950 356 omnia
975 290 1031 353 isla
1064 286 1305 374 contingant,

514 393 592 455 rima
621 385 735 468 semper
757 379 867 443 habita
890 374 1014 449 salute,
1045 376 1079 437 in
1105 374 1166 458 ipsis
1184 377 1305 460 parti.

491 415 547 541 but
568 462 766 533 curationum
788 456 1036 527 eonfidtrandum
1060 459 1138 522 etit.

532 554 577 618 Et
608 571 680 617 ante
708 549 816 614 omnia
844 548 1024 629 quaritur,
1053 542 1162 627 primis
1182 540 1305 612 diebus

489 659 566 725 ager
588 659 650 723 qua
672 637 794 699 ratione
816 627 1021 696 continendus
1042 629 1096 691 fit,
1121 628 1303 713 Antiqui,

488 722 724 788 medicamentis
754 714 937 803 quibusdam
967 712 1078 791 datis,
1109 711 1302 778 concoffio-

489 829 562 873 nem
594 804 838 875 moliebantut3
869 819 905 863 eo
933 795 1017 882 quod
1047 820 1067 859 a
1097 795 1300 862 cruditatem

490 892 626 959 maxime
650 888 845 952 horrebant:
867 884 976 948 deiude
999 901 1066 944 eam
1091 882 1296 959 materiam,

488 997 555 1061 qua
585 973 691 1040 ludere
720 973 910 1046 videbatur,
943 966 1079 1033 ducendo
1101 963 1227 1048 sapius
1257 969 1294 1030 al·

487 1081 564 1126 tum
586 1059 839 1123 subtrahebant.
866 1049 1057 1137 Asclepiades
1077 1051 1292 1115 medicamen

377 1180 429 1239 29,
439 1180 469 1243 7,
486 1157 527 1211 ta
548 1143 666 1210 sustulit
684 1164 694 1217 3
716 1142 822 1205 alvum
846 1159 907 1203 non
932 1137 1050 1212 toties,
1080 1133 1131 1198 sed
1157 1134 1234 1200 fere
1254 1156 1290 1200 u·

376 1245 470 1330 ΒΜ,
493 1249 564 1294 men
586 1231 622 1293 in
644 1227 732 1292 omni
754 1222 892 1300 morbo,
914 1218 1082 1285 subduxit.
1114 1220 1232 1285 Febre
1252 1243 1289 1287 ta

491 1335 527 1380 ro
557 1312 622 1400 ipsa
648 1311 794 1398 praeeipue
823 1305 852 1372 se
882 1305 921 1368 ad
948 1302 1116 1373 remedium
1141 1308 1201 1371 uri
1230 1327 1287 1392 pto

488 1398 577 1465 sessus
608 1398 683 1463 eu.
715 1389 944 1460 Convellendas
975 1387 1072 1451 etiam
1100 1388 1192 1455 vires
1223 1393 1288 1476 aegri

489 1483 642 1569 putavit,
663 1482 761 1559 luce,
782 1476 914 1560 vigilia,
936 1472 984 1535 liti
1001 1472 1150 1556 ingenti3
1173 1477 1233 1553 tic,
1256 1486 1300 1539 ut}

492 1589 532 1637 tte
562 1588 596 1632 ot
626 1565 751 1653 quidem
775 1560 885 1710 frimis
914 1558 1021 1622 diebus
1053 1557 1114 1621 elui
1138 1559 1281 1650 suerat.

493 1653 566 1728 Quo
597 1652 697 1737 magis
728 1647 914 1722 salutatur,
942 1643 1001 1727 qui.
1031 1661 1080 1724 pet
1097 1658 1196 1700 omnia
1223 1642 1280 1712 ju.

371 1784 374 1789 -
489 1736 624 1800 tundam
646 1736 714 1808 ejus
757 1732 953 1817 disciplinam
988 1726 1044 1791 else
1068 1720 1267 1805 concipiunt.

379 1818 383 1835 ’
489 1820 620 1885 Etenim
656 1817 855 1885 ulterioribus
886 1813 1009 1898 quidem
1041 1805 1278 1902 diebutttuban·

491 1906 534 1968 tia
566 1909 661 1970 etiam
698 1904 822 1968 luxuria
846 1896 1042 1981 subscripfit,
1072 1893 1179 1979 primas
1208 1903 1304 1959 remu

491 1993 624 2052 tortoris
640 1990 740 2053 uicem
758 1982 916 2048 exhibuit.

532 2072 603 2155 Ego
624 2087 755 2148 autent,
779 2065 1076 2131 medicamentorum
1096 2060 1262 2212 dati‘nu

488 2175 571 2233 neo,
607 2156 641 2219 δι
662 2155 768 2218 alvum
791 2151 862 2216 duci
887 2171 951 2214 non
976 2150 1032 2214 nist
1056 2147 1171 2213 rarod
1245 2188 1253 2219 ‚

488 2238 651 2304 concedo.
683 2239 727 2302 Et
749 2235 782 2300 id
805 2255 868 2298 non
891 2235 960 2298 ideo
980 2251 1086 2299 tamen
1108 2233 1254 2317 agen&²

488 2341 524 2388 ut
545 2326 617 2409 agri
641 2324 720 2388 vires
745 2320 992 2397 convellantur,
1024 2318 1193 2383 existimo:
1233 2317 1295 2379 nli

488 2409 575 2471 niam
606 2429 643 2485 eu
674 2406 893 2474 imbecillitate
918 2403 1068 2469 summum
1114 2339 1269 2489 periculum

488 2491 555 2555 est.
590 2490 698 2573 Minui
720 2511 792 2578 ergo
815 2506 938 2555 tantum
962 2489 1126 2555 materiam
1141 2486 1271 2574 superio

487 2592 550 2638 tem
573 2593 694 2663 oportet
711 2597 722 2652 3
743 2596 809 2665 qua
830 2572 1015 2658 naturaliter
1035 2573 1208 2658 digeritur,
1233 2568 1274 2637 abi

486 2664 573 2727 nibil
595 2664 671 2726 novi
694 2660 833 2726 aceedit.
858 2663 908 2726 lta
932 2680 968 2725 ue
983 2657 1217 2724 abstinendum
1237 2655 1279 2719 ci·

488 2748 530 2812 bo
551 2747 661 2833 primis
683 2748 788 2813 diebus
814 2745 880 2824 cll,
969 2745 1003 2808 in
1029 2744 1097 2808 luce
1122 2738 1307 2809 humaui

485 2850 563 2918 ager
584 2833 672 2915 (nib
694 2831 855 2911 insirmru)
877 2829 1029 2910 interdiu,
1053 2829 1276 2914 tranuntur·

484 2934 540 3003 put
562 2916 620 2980 illa
638 2934 758 2999 quoque
776 2915 915 3065 dffetitt
944 2912 1027 2999 isque
1049 2913 1167 2979 cubare
1184 2926 1280 2997 quam

483 2999 782 3063 maximoeonclavi
819 3000 905 3065 eber.
940 3058 942 3063 s

526 3082 619 3158 Q¹²0d
649 3081 688 3145 ad
715 3083 797 3150 sstim
826 3104 899 3151 reto
940 3082 1140 3172 somnumque
1153 3078 1283 3226 agitemi-

1215 3204 1231 3239 2

527 3271 546 3315 a
568 3249 645 3336 Apb.
660 3270 686 3315 1.
700 3271 748 3317 aa.
