2656 4226
20 118 194 257 σφω(
266 161 637 231 Menrcrrrr:
778 195 817 256 ῃ

21 300 44 361 fi
81 296 175 360 cibun
203 313 321 379 quoque
343 288 497 354 anteceffit
521 313 531 363 ;
558 294 613 376 qui
640 308 743 379 tannen
774 298 817 363 se.

21 382 93 444 mel
120 381 174 443 die
198 394 268 441 tunc
289 373 479 439 commodius
512 375 703 450 affunritur5
734 381 814 445 insu·

15 483 81 547 per
99 466 203 527 etiam
219 460 349 525 modicus
365 504 377 536 ‚
409 478 447 521 ne
469 460 651 523 cruditatem
667 480 811 527 moreat.

17 548 178 611 Alternis
192 546 290 610 diebus
308 544 470 621 invicem,
499 542 591 606 modo
616 565 721 628 aqua,
743 568 811 610 mo·

16 631 69 693 do
97 632 203 695 ninum
235 627 400 693 bibendum
446 628 511 690 est.
556 628 675 703 Quibus
712 627 809 695 setra-

10 715 99 790 tis,
132 735 170 776 ex
197 714 316 798 reliqua
349 712 448 775 vibius
473 710 686 777 consuetudine
716 734 808 798 quam

3 797 191 860 minimum
224 796 340 861 mutari
369 795 483 859 debet.
527 795 606 858 Cum
636 816 709 860 vero
746 799 809 862 hac

0 883 41 942 'n
82 883 176 944 omni
201 878 373 966 pestilentia
400 878 538 942 facienda
564 881 645 957 fint,
677 896 742 946 tutu
774 884 808 944 in

15 985 42 1027 a
78 966 247 1045 maxime,
276 984 370 1049 quarn
395 964 497 1037 Austri
518 965 681 1028 excitarint
704 1012 711 1027 .
731 995 734 1000 ·
751 968 808 1029 Ar·

0 1067 75 1111 ·ue
110 1051 208 1112 etiarn
279 1047 504 1132 regrinantibus
535 1048 637 1113 eadem
681 1050 807 1111 necessa·

11 1134 59 1196 ia
86 1129 194 1211 sunt,
224 1070 278 1196 trgi
299 1133 389 1217 gravi
417 1150 551 1216 tempore
576 1134 651 1196 anni
677 1131 806 1196 discesse-

56 1231 92 1276 ·t
110 1237 149 1279 ex
167 1216 226 1280 suis
246 1215 394 1295 sedibus,
423 1217 473 1279 vel
496 1215 549 1278 ubi
572 1217 602 1276 in
629 1237 737 1298 graves
763 1236 805 1280 te·

0 1331 15 1376 3:
26 1299 130 1360 iones
152 1318 327 1364 venerunt.
359 1303 406 1363 Ac
432 1300 454 1362 fi
486 1315 593 1360 cetera
628 1319 671 1362 res
699 1299 804 1383 aliqua

4 1381 227 1462 rohibebit‚
250 1386 355 1467 urique
372 1382 521 1446 abstinere
538 1378 682 1444 debebit:
714 1400 805 1465 atque

14 1484 60 1530 ta
87 1487 108 1529 a
128 1469 206 1531 vino
228 1469 268 1531 ad
291 1488 433 1550 aquarn,
466 1464 507 1524 ab
530 1462 587 1522 hae
608 1464 646 1524 ad
672 1466 805 1546 vinum,

9 1581 11 1583 ·
66 1553 160 1697 ‚ssqui
182 1550 273 1635 supra
296 1549 404 1632 pofitna
426 1546 500 1620 est,
531 1544 648 1621 modo,
669 1549 807 1613 tranfitua

5 1652 41 1692 er
64 1654 82 1696 e
107 1654 145 1697 e.

175 1873 345 1940 LIBER
374 1873 673 1938 SECUNDUS.

343 2003 495 2081 Praeftrtr'o.

89 2149 189 2230 «ᾖ
223 2125 502 2223 ΝβΤΑΝΤῙΒ
528 2143 629 2191 autem
661 2126 812 2226 valetudi-

236 2229 288 2271 ms
306 2210 387 2294 rigna
409 2210 565 2356 complura
585 2210 674 2274 suut.
701 2212 812 2295 lnqui-

18 2165 187 2466 {w
232 2292 290 2356 uns
325 2292 462 2378 exprrcan

12 2388 16 2446 ¹,
109 2359 195 2463 J
232 2376 422 2441 authoritate
451 2378 649 2462 antiquorum
671 2381 809 2446 virorum

486 2295 511 2356 ir
553 2314 616 2357 non
659 2293 811 2360 dubitabo

3 2532 5 2535 ¹
181 2465 194 2471 ”
228 2462 276 2523 uri
304 2506 315 2538 ‚
343 2462 537 2546 maximeque
569 2464 766 2547 Hippocratis
794 2488 806 2538 3

4 2562 84 2606 ¹cunr
112 2543 296 2607 recentiores
325 2565 445 2629 quoque
475 2547 586 2609 medici
617 2593 627 2622 ,
684 2550 804 2613 uamris

8 2629 49 2690 in
83 2626 293 2691 curationibus
323 2630 506 2708 mutarint,
536 2647 640 2695 tarneu
662 2570 735 2696 duze
766 2634 802 2696 il·

10 2711 83 2773 lum
105 2709 220 2792 optime
252 2710 414 2809 prasagiffe
444 2711 627 2778 fateantur.
661 2716 718 2779 Sed
747 2737 800 2779 aus

9 2809 143 2868 tequam
172 2792 273 2874 dico,
304 2797 414 2880 quibus
455 2798 689 2881 procedentibus
721 2820 800 2862 rnor-

10 2879 129 2940 botum
156 2877 248 2941 timot
272 2878 386 2955 subfir3
416 2900 478 2943 non
510 2883 646 2947 alienum
683 2882 801 2947 videtur

9 2976 193 3044 exponere,
223 2982 288 3045 quae
315 2980 452 3048 tempora
471 2968 572 3045 anni,
602 2988 669 3051 quae
691 2984 802 3051 tempe·

10 3046 130 3109 iatum
165 3062 274 3127 genera
297 3094 308 3127 ,
335 3069 401 3134 quae
437 3066 534 3133 partes
569 3053 668 3116 atatis
691 3072 801 3191 ‚lque-

556 3174 557 3177 ,
732 3153 762 3193 ra
