2656 4226
491 174 534 235 60
661 169 699 231 ll.
731 158 883 231 CORN.
916 152 1072 225 CELSI
1166 157 1302 224 libe:

493 313 574 374 rur,
603 294 634 357 δι
654 292 814 355 desinunt.
838 288 978 372 Utique,
1000 287 1020 349 li
1043 283 1118 367 saepe
1138 296 1300 369 tempora

496 378 601 443 iisdem
621 375 753 453 dolent,
784 375 931 456 nolluque
953 388 1081 454 corpora
1101 365 1258 433 insudant
1285 417 1297 446 ,

494 462 578 526 fenne
618 460 746 543 prurit,
777 456 972 602 lippitudinis
1015 469 1116 515 merus
1146 452 1216 515 ell.
1251 456 1295 517 Si

493 543 604 609 mulier
628 562 646 604 a
672 558 761 627 parru
785 563 822 605 ve
846 557 978 603 ementes
1001 537 1121 600 dolores
1151 536 1259 600 habet
1284 578 1298 615 ,

491 650 512 691 n
551 648 588 690 uc
611 643 752 712 praterea
773 628 856 710 signa
888 624 973 686 mala
995 620 1091 697 sunt,
1123 619 1215 685 circa
1244 622 1297 684 vi·

490 733 527 798 ge
550 730 634 774 mum
657 711 738 774 diem
765 728 819 774 aut
842 708 962 792 sanguis
995 722 1047 790 per
1069 723 1159 767 nares
1183 722 1294 769 erum·

491 812 542 881 pet
566 840 577 874 ,
605 797 714 858 autin
738 793 932 857 inferioribus
961 788 1080 873 aliquid
1108 785 1291 852 abscedet.

490 881 675 962 Quicunque
707 881 802 941 etiam
828 877 964 939 dolorem
1003 874 1163 956 ingentem
1196 873 1291 937 circa

491 981 629 1049 tempora
659 963 692 1026 δι
720 960 852 1025 frontem
886 957 1041 1033 habebit,
1071 956 1099 1017 ei
1124 955 1290 1020 alterutra

490 1048 612 1111 ratione
640 1044 755 1109 finiet:
786 1042 968 1128 magisque,
998 1041 1019 1103 sr
1047 1040 1169 1111 juvenis
1192 1042 1310 1120 erit,1

527 1152 542 1195 t
570 1130 726 1214 sanguinis
756 1125 987 1215 prol'ufionemt
1016 1123 1037 1186 fi
1067 1121 1196 1201 senior,
1233 1116 1311 1211 petl

489 1206 1287 1379 niripiiiiiii‘mniebbiiitZissnilrtiuffstsubiffi

702 1342 712 1375 2
1192 1338 1204 1369 9

490 1402 522 1447 re
552 1383 738 1448 revertitur.
770 1381 832 1445 Cui
865 1376 965 1442 fauces
989 1375 1135 1458 sanguine
1166 1376 1198 1441 br
1232 1378 1281 1440 in·

490 1466 588 1530 terdiu
618 1467 650 1530 δι
676 1467 766 1530 nullu
796 1464 976 1549 replentur,
1007 1460 1045 1523 fic
1067 1475 1140 1537 ,·ut
1176 1482 1277 1546 neque
1292 1476 1311 1543 r]

490 1551 600 1634 capitia
622 1549 768 1628 dolores,
799 1567 897 1632 neque
936 1543 1191 1632 praecordiorum,
1218 1566 1268 1608 ne·

432 1712 455 1719 .‚
488 1655 548 1719 que
568 1633 675 1712 tulsu,
709 1650 807 1720 neque
836 1633 997 1709 vomitur,
1027 1640 1124 1714 neque
1142 1627 1256 1694 felsica-

489 1719 523 1781 la
543 1719 747 1803 praecellerir,
780 1717 867 1794 huius
895 1733 949 1783 aut
974 1715 1008 1782 in
1032 1714 1177 1789 naribus,
1202 1724 1260 1772 aur

489 1804 522 1865 in
544 1801 683 1870 faucibus
704 1804 789 1869 ulcus
811 1804 998 1889 reperietur.
1030 1799 1062 1863 Si
1090 1794 1205 1860 mulieri
1233 1811 1272 1853 ex

488 1887 615 1970 inguine
638 1888 789 1953 febricula
804 1906 873 1952 orta
899 1887 967 1963 est,
990 1900 1084 1966 neque
1108 1875 1199 1945 caula
1225 1895 1271 1959 ap
1288 1896 1311 1938 er

487 1988 599 2051 paret,
628 1972 713 2033 ulcus
730 1972 763 2032 in
793 1971 888 2033 vulva
907 1968 977 2030 est.
1003 1968 1030 2042 f
1044 1964 1141 2023 Urina
1170 1975 1270 2024 auten

486 2050 606 2124 crass'a,
628 2071 664 2110 ex
678 2061 741 2130 qua
753 2049 837 2132 quud
860 2046 992 2118 deridit,
1014 2041 1119 2103 album
1137 2041 1180 2102 est
1204 2087 1219 2118 ‚
1243 2043 1265 2105 b

507 2128 613 2192 nificat
649 2132 731 2192 circa
763 2129 935 2203 articulos,
964 2137 1017 2187 aut
1049 2122 1131 2184 circa
1155 2125 1257 2190 visen

484 2152 653 2295 gemtem,
695 2229 869 2293 metumque
898 2206 997 2271 morbi
1028 2205 1106 2270 ell'e.
1152 2207 1257 2273 Eadet

484 2298 626 2375 viridis,
656 2314 709 2361 aut
737 2294 884 2360 uiscerum
907 2292 1074 2370 dolorem,
1106 2302 1285 2368 tumorem,

484 2403 543 2466 que
563 2402 634 2445 cum
655 2382 760 2464 aliquo
790 2378 924 2464 periculo
956 2372 1090 2452 subelle,
1120 2391 1173 2439 aut
1206 2397 1268 2441 cor·

525 2479 641 2526 scerte
672 2466 824 2549 integrum
855 2482 918 2527 non
940 2461 1019 2539 else,
1043 2460 1191 2524 rellatur.
1228 2466 1266 2525 At

483 2484 546 2626 ib
566 2543 689 2633 sanguia
704 2565 758 2614 aut
775 2568 828 2634 pus
842 2571 865 2633 g
886 2549 919 2612 in
942 2547 1032 2611 urina
1049 2545 1107 2621 ell,
1128 2542 1179 2607 vel
1196 2546 1269 2607 vell-

484 2652 539 2708 ca,
561 2631 612 2697 trel
630 2651 715 2699 renes
731 2634 898 2698 exulcerati
917 2631 1002 2696 sunt.
1026 2629 1059 2693 Sl
1076 2630 1138 2693 hac
1156 2629 1267 2704 ctaffa,

484 2716 665 2782 carunculas
683 2719 704 2783 h
719 2717 865 2805 quasdam
891 2718 1013 2799 exiguas
1035 2730 1088 2777 aut
1115 2711 1195 2796 quafi
1215 2700 1267 2774 *ca—
1281 2724 1312 2792 pi

484 2801 576 2884 pillos
602 2801 726 2883 habet,
756 2821 809 2868 aut
832 2804 853 2866 fi
873 2804 885 2863 i
908 2801 1033 2876 bullat,
1062 2814 1116 2860 aur
1146 2794 1266 2861 malek
1310 2790 1312 2851 l

484 2884 547 2947 olet
566 2929 577 2963 ,
598 2902 653 2951 aut
668 2888 820 2951 interdum
839 2887 922 2971 quafi
941 2902 1064 2948 arenam
1084 2920 1095 2958 ,
1118 2877 1265 2942 interdum

484 2968 566 3048 quali
582 2965 759 3052 sanguinem
776 2972 893 3049 trahit,
915 2969 1020 3033 dolent
1039 2980 1141 3029 autem
1160 2982 1237 3036 cure
1250 3006 1263 3036 ‚-

484 3055 709 3134 quaequeinter
729 3056 785 3118 hae
807 3054 949 3141 superque
972 3052 1081 3138 pubem
1104 3046 1198 3122 sunt,
1220 3043 1256 3105 ’Β

953 3170 955 3173 v
1143 3147 1215 3193 atte-

526 3216 544 3279 s
559 3219 1003 3304 Aph.1v.74.Plin.xrv111‹6.
1047 3211 1257 3297 †Aph.rr.78.

483 3300 533 3362 81·
577 3305 840 3389 gAphor.ru.75.
885 3302 1131 3388 hapharnvq&
1164 3296 1264 3360 illitu

483 3391 655 3455 aarum&
699 3389 946 3476 erphaussr,
