2656 4226
448 172 485 223 tl
612 160 1025 234 nouandum
1116 167 1242 235 uba:

444 287 610 353 necessest
631 292 694 354 tale
716 294 795 371 esse,
818 296 908 378 quale
932 296 1044 360 mortui
1066 296 1132 377 stt,
1161 314 1235 359 non

445 372 535 458 quale
557 373 623 435 vivi
645 374 703 438 fuit
724 421 732 438 .
767 380 877 462 Iraque
898 379 1038 463 consequi
1057 382 1238 457 medicum,

444 471 480 520 ut
517 454 674 520 hominem
710 461 872 525 crudeliter
912 462 1060 545 iugulet3
1090 484 1150 529 non
1190 480 1239 525 ut

399 611 402 619 γ
442 536 537 611 sciat,
558 540 664 622 qualia
678 543 745 606 uiui
763 543 876 608 viscera
894 545 1077 610 habeamus.
1101 551 1133 612 Si
1151 545 1237 631 quid

441 636 546 682 tamen
575 623 642 700 fit,
675 627 756 708 quod
792 627 890 690 adhuc
929 627 1063 711 spirante
1101 632 1277 706 homine5

439 700 609 786 conspedlui
637 705 816 780 subjiciatur
838 732 849 784 ς
875 710 909 775 id
946 710 1019 795 sape
1051 712 1152 776 casum
1183 711 1234 774 oo

441 783 517 850 serre
556 791 764 856 curantibus.
798 795 956 857 Interdum
996 797 1078 883 enim
1107 796 1234 879 gladia-

440 884 539 933 torem
562 871 595 933 in
617 893 735 954 arena,
764 877 814 939 vel
838 877 970 940 militem
993 879 1026 940 in
1050 879 1141 956 acie,
1173 881 1233 942 vel

443 953 595 1018 viatorem
622 976 640 1019 a
669 959 841 1024 latronibus
872 976 1027 1044 exceptum
1057 963 1096 1024 stc
1118 962 1231 1026 vulne·

443 1037 523 1114 rari,
546 1053 580 1102 ut
596 1039 657 1112 eius
674 1042 802 1106 interior
817 1044 922 1128 allqna
940 1065 1007 1126 pars
1025 1086 1035 1123 ,
1058 1045 1090 1108 dc
1107 1045 1141 1106 in
1158 1047 1228 1110 alio
1246 1068 1292 1114 u

443 1119 538 1197 alia,
561 1126 734 1207 aperiatu13
755 1143 847 1212 atque
868 1131 913 1191 ita
931 1128 1051 1207 -sedem,
1074 1128 1225 1212 positum,
1313 1156 1314 1159 ¹

422 1203 611 1285 ordinem,
641 1209 770 1291 figuram
799 1254 809 1291 ,
839 1212 1009 1295 similiaque
1045 1210 1225 1297 cognoscere

329 1298 361 1361 7,
374 1303 421 1347 12.
445 1288 620 1370 prudentem
641 1293 819 1373 medicum,
848 1314 911 1359 non
933 1296 1067 1374 cadem,
1096 1296 1146 1358 sed
1177 1295 1223 1359 sa·

331 1380 381 1445 ao,
391 1389 420 1450 7.
444 1370 575 1436 nitatem
605 1376 783 1440 molientem
806 1400 817 1449 3
846 1381 935 1464 idque
972 1399 1024 1464 per
1053 1380 1222 1443 misericor-

439 1452 524 1518 diam
545 1456 655 1523 discere
671 1505 681 1536 ,
697 1463 779 1546 quod
800 1462 857 1526 alii
872 1465 939 1527 dira
960 1463 1139 1527 crudelitate
1168 1482 1222 1527 co·
1239 1482 1276 1551 η

305 1548 430 1614 ‘1³0me
440 1541 628 1620 gnoreriot.
651 1544 705 1608 Ob
726 1545 806 1623 hac,
828 1567 867 1609 ne
888 1563 1076 1612 mortuorum
1097 1548 1220 1633 quidem

306 1648 415 1718 ΝΜ,
440 1621 662 1688 lacerationem
686 1628 877 1693 necessariam
909 1631 988 1695 effe.
1032 1633 1138 1711 Qua,
1167 1635 1221 1699 etsi

437 1724 501 1768 oon
522 1708 676 1789 crudelis,
707 1728 810 1776 tamen
839 1711 921 1779 forda
943 1716 1009 1791 sir,
1036 1736 1106 1780 cum
1128 1715 1221 1779 aliter

436 1788 578 1888 pleraque
599 1794 632 1855 in
662 1798 790 1860 mortuis
820 1794 849 1860 se
878 1798 1040 1862 habeant:
1068 1816 1218 1885 quantum

436 1891 507 2019 opto
517 1894 562 2019 dm
584 1878 666 1944 ulvis
687 1879 828 1966 cognosci
850 1882 975 1966 potest,
1007 1882 1071 1967 ipsa
1100 1884 1217 1949 curatio
1233 1900 1271 1950 aa

434 1975 454 2016 o
478 1977 514 2018 en
537 1974 588 2021 at.
801 1990 806 1995 ·

475 2039 557 2102 Cum
586 2040 649 2103 hac
678 2060 729 2126 per
757 2046 856 2108 multa
886 2040 1079 2129 volumina,
1109 2070 1225 2137 perque·

433 2135 553 2202 magna
585 2126 794 2188 contentionis
825 2127 1043 2212 disputationes
1071 2155 1092 2198 a
1121 2137 1217 2199 medi·

433 2202 478 2264 cis
498 2200 533 2267 sa
593 2208 723 2270 traslata
744 2209 802 2271 lint
820 2227 911 2295 arque
933 2219 1122 2282 tradentur:
1146 2220 1216 2284 sub·-

431 2285 523 2356 J'icien
546 2308 596 2351 utn
634 2289 705 2367 est,
735 2312 801 2375 quae
838 2299 976 2377 prutina
1014 2322 1087 2365 veto
1115 2303 1214 2368 videri
1231 2315 1266 2384 ις

431 2369 574 2450 possint,
604 2388 699 2455 neque
729 2376 849 2441 audiere
879 2383 1018 2450 alterutri
1038 2386 1212 2469 opinioni,

430 2470 528 2533 neque
557 2452 597 2515 ab
636 2472 762 2542 utraque
805 2463 935 2530 nimium
979 2470 1213 2551 abhorrentia,

429 2531 478 2595 sed
501 2535 602 2630 rucdla
628 2542 853 2622 quodammodo
881 2550 962 2614 inter
991 2552 1123 2618 dlvetsas
1143 2553 1221 2618 sen*

429 2630 569 2681 tentiae.
614 2622 704 2698 Quod
745 2629 779 2692 in
821 2632 961 2716 plurimis
1003 2639 1212 2701 contentioni⁴

429 2698 484 2763 bus
505 2702 719 2786 deprehendere
741 2712 841 2793 licet,
871 2719 930 2782 fine
960 2722 1130 2786 ambitione
1157 2744 1210 2785 ve·
1227 2738 1272 2801 30

356 2818 358 2822 -
426 2802 493 2848 rum
522 2785 757 2874 scrutantibus,
787 2801 909 2881 perinde
937 2819 971 2866 ut
1001 2807 1034 2867 in
1063 2806 1122 2869 hac
1143 2805 1210 2891 ipsa

427 2886 477 2930 re..
521 2873 605 2935 Naro
626 2893 691 2957 quae
721 2877 841 2946 demum
872 2885 996 2964 causa,
1028 2890 1078 2953 vel
1107 2887 1210 2957 secun·

426 2950 497 3015 dam
520 2956 726 3023 valetudinem
747 2968 910 3048 prastent,
940 2971 989 3034 vel
1011 2972 1134 3038 morbos
1155 2995 1210 3037 ex-¹

427 3035 522 3100 citent
553 3061 563 3113 ;
604 3044 755 3127 quomodo
791 3048 914 3135 spiritus
942 3098 952 3133 ,
995 3073 1048 3122 aut
1086 3055 1208 3203 cibuls,

1112 3158 1149 3205 re
