2656 4226
443 197 465 270 t
614 192 655 259 Α.
686 185 839 256 coum
871 153 1025 248 cresi
1109 182 1234 250 uun·

450 318 642 407 appeliant,
673 331 725 399 per
748 330 823 395 quas
856 307 994 392 spiritum
1020 308 1170 373 trahimus
1194 307 1228 373 dt

451 404 648 473 emittimus3
678 395 782 465 cibum
808 394 1022 478 potionemque
1055 393 1232 459 assumimus

449 491 482 561 δι
510 482 762 568 concoquimus:
799 479 965 559 itemque,
1003 497 1150 561 perquer
1178 495 1234 539 ea-

449 573 518 640 dent
542 569 604 637 haec
629 567 662 628 in
687 583 792 627 omnes
826 559 1030 625 membrorum
1054 579 1156 643 partes
1185 558 1232 620 di·

447 667 619 743 geruntur.
650 650 733 713 Tum
756 666 786 708 re
808 645 912 709 uirunt
935 643 1049 724 etiam,
1070 663 1164 726 quare
1179 662 1233 707 ve·
1276 656 1297 726 ς

450 757 497 805 uae
519 735 623 801 noiitae
645 731 737 799 modo
766 728 796 793 su
822 729 950 793 mittant
978 724 1032 804 se,
1063 725 1155 791 modo
1186 741 1235 793 at·

451 820 594 887 tollant:
622 835 687 901 quae
709 813 790 880 ratio
807 809 932 888 somni,
954 830 1020 894 quae
1043 809 1160 890 vigiliae
1176 809 1235 874 fit.

450 904 524 974 Sine
548 918 676 986 quotum
701 896 842 973 notitia,
872 894 1025 959 neminem
1049 907 1162 975 putant
1182 890 1240 957 vel

451 1004 633 1062 occurrere,
662 981 710 1049 vel
736 980 848 1049 mederi
881 978 1028 1053 morbis,
1058 975 1141 1041 intre
1172 973 1238 1041 haec

450 1068 673 1143 noscentibus,
704 1064 797 1150 posse.
842 1064 890 1129 Ex
916 1060 1028 1148 quibus
1044 1057 1118 1141 quia
1140 1076 1234 1139 quam
1258 1074 1296 1123 ιο

451 1155 586 1226 inarime
612 1150 760 1235 pertinere
790 1147 830 1219 ed
868 1165 932 1214 rem
969 1142 1127 1211 concoctio
1151 1139 1237 1206 vide·

454 1257 531 1316 tur,
562 1235 633 1303 huic
651 1232 834 1316 potiffimum
854 1228 1017 1325 iniiquntt
1045 1225 1105 1301 dr,
1127 1222 1201 1287 duce
1223 1268 1236 1303 ,

389 1368 393 1377 -
452 1323 540 1401 alii,
570 1318 750 1389 Erafistrato
770 1316 810 1393 l,
842 1329 933 1379 atteri
959 1309 1060 1373 cibum
1078 1308 1111 1371 iu
1129 1322 1237 1370 ventre

453 1402 643 1475 contendunt
661 1423 670 1463 ε
693 1400 777 1476 elii,
808 1395 973 1461 Plistonico
991 1394 1170 1475 Praxagorae
1188 1389 1236 1454 di-

451 1489 588 1576 scipulo,
611 1484 792 1571 putrescere:
814 1480 870 1545 alii
887 1478 1012 1545 eredunt
1029 1474 1235 1561 Hippocrati,
1256 1488 1290 1555 ις

452 1593 505 1664 per
531 1572 665 1639 calorem
693 1567 778 1630 cibos
803 1564 979 1648 concoqui.
1020 1559 1236 1642 Acceduntque

452 1654 641 1738 Asclepiadis
663 1649 785 1728 aemuli,
807 1650 879 1732 qui,
903 1645 1009 1713 omnia
1028 1645 1082 1709 ista
1099 1661 1182 1709 vana
1203 1642 1237 1710 dt

451 1739 635 1824 supervacua
667 1734 747 1812 eise,
778 1746 977 1819 proponunt·
1030 1726 1122 1793 Nihil
1154 1723 1238 1788 enine

454 1824 625 1910 concoqui,
648 1818 695 1887 sed
713 1843 742 1881 m
759 1817 881 1881 crudam
898 1811 1061 1879 materiam
1076 1855 1088 1888 ,
1105 1809 1177 1876 ficut
1192 1807 1238 1870 as-

454 1906 573 1991 sumpte
595 1904 655 1983 est,
677 1905 710 1969 in
728 1921 835 1987 corpus
853 1918 943 1966 omne
959 1894 1061 1961 diduci
1077 1939 1085 1957 .
1111 1892 1153 1961 Et
1175 1892 1238 1959 hac
1255 1909 1287 1957 uo

349 2007 352 2013 '
449 1991 572 2075 quidem
591 1990 736 2051 intereos
755 2004 860 2067 parum
883 1981 1039 2047 constant·
1067 1976 1149 2043 lund
1165 1996 1240 2041 veru

452 2072 627 2145 convenit,
657 2067 754 2131 alium
779 2065 912 2129 dandum
935 2063 1039 2129 cibum
1065 2061 1240 2127 laboranti·

452 2157 528 2233 bus,
550 2152 665 2221 fihoc3
686 2149 836 2224 alium,fi
855 2144 932 2216 illud
950 2166 1053 2213 verum
1072 2145 1129 2209 esti
1153 2145 1240 2209 Nom

454 2239 476 2305 fi
493 2236 602 2303 teritur
619 2234 722 2306 intus,
743 2250 811 2296 eum
828 2230 1019 2314 querendum
1037 2229 1111 2307 cde,
1125 2231 1179 2312 qui
1194 2225 1239 2291 se·

453 2322 572 2391 cillime
590 2317 647 2381 teti
665 2312 768 2397 poffit·
793 2314 825 2377 Si
841 2311 1005 2397 putrescit,
1027 2314 1157 2383 eum.iu
1176 2333 1238 2408 quo
1255 2326 1290 2393 25

454 2407 513 2473 hoe
530 2397 781 2496 expeditiffimum
803 2396 868 2467 est.
892 2398 925 2460 Si
946 2396 1034 2463 calor
1047 2412 1239 2480 concoquit,

454 2506 551 2562 eum,
579 2502 633 2568 qur
655 2482 788 2549 maxime
811 2480 945 2547 calorem
970 2479 1099 2549 foveat.
1123 2484 1167 2553 At
1189 2479 1239 2547 ui·

454 2570 502 2637 hil
533 2587 570 2634 cx
597 2567 644 2634 his
669 2566 724 2635 effe
749 2565 969 2649 quarendum,
998 2567 1020 2635 u
1053 2564 1137 2628 nihil
1166 2582 1238 2630 eou-

453 2650 621 2736 toquitur:
652 2670 686 2712 er
712 2668 785 2716 vcro
810 2648 983 2727 sumenda,
1013 2669 1078 2735 quae
1102 2647 1239 2713 maxime

453 2749 607 2834 matrem,
636 2731 743 2819 qualia
766 2731 914 2819 assumpte
943 2732 1030 2799 sunt.
1062 2731 1239 2815 Eodemque
1258 2747 1303 2813 30

454 2836 600 2897 retrone,
629 2838 698 2881 cum
723 2816 843 2904 spiritus
867 2817 969 2902 gravis
998 2817 1066 2894 est,
1096 2834 1165 2881 curu
1193 2812 1241 2881 so·

321 2922 545 2988 promptuque
571 2917 625 2969 cut
641 2900 753 2986 vigilia
777 2917 890 2986 urget,
922 2921 990 2967 eum
1017 2898 1128 2968 mederi
1161 2898 1240 2984 posse

324 3006 445 3078 220,ss
457 2988 663 3084 ὃῐρἱῑῐὸῠῑιιῐ,
683 2985 739 3070 qui
748 2986 838 3073 prius
855 2984 912 3053 illa
928 2984 1010 3069 ipse,
1027 2984 1241 3069 qualitereve-

328 3086 568 3200 wuronc,
589 3069 769 3159 perceperit.
792 3068 902 3135 Praeter
917 3067 998 3148 uae,
1020 3088 1089 3135 cum
1107 3070 1140 3163 ip
1156 3066 1240 3160 ipre-

501 3208 508 3215 .
1105 3164 1194 3213 norl-

499 3238 510 3305 l
532 3234 764 3310 Maeoniam.
781 3254 853 3303 ru.
876 3252 924 3316 ις.
968 3255 998 3301 m
1019 3235 1127 3302 cetius
1146 3236 1240 3301 Aure·

454 3324 526 3393 uae.
546 3328 633 3387 Acus.
643 3317 767 3413 Merui·
781 3339 807 3387 ι.
817 3341 843 3385 e.
857 3338 905 3404 ¹4·
920 3330 926 3341 ’
