2656 4226
104 185 221 326 cam.
316 230 721 304 uenierunt
844 254 882 322 a,

104 366 359 448 Periclitaturque
379 365 439 441 dt,
469 361 521 445 qui
543 362 658 441 semel,
680 361 740 439 dt,
761 365 816 448 qui
840 367 888 430 b'u

107 451 159 513 die
180 450 285 513 cibum
305 447 554 523 incontinenter,
576 464 680 509 contra
696 446 886 513 consuetudi·

107 550 201 610 nem,
223 532 353 595 assumit.
379 532 479 608 Item,
499 550 597 614 neque
612 551 648 592 ex
664 529 762 591 nimio
776 531 884 596 labore

108 614 241 679 subitum
263 617 387 693 ocium,
418 628 514 698 neque
534 634 570 675 ent
592 613 691 676 nimio
713 615 781 676 ocio
802 614 882 687 subi·

66 713 86 773 5
110 716 159 763 tus
179 700 281 776 sabat,
301 700 362 762 sine
382 699 470 782 gravi
493 717 573 761 noxa
595 698 658 761 est.
682 696 790 780 Ergo,
809 719 879 769 curn

105 784 173 866 quis
192 800 308 846 mutate
331 782 449 864 aliquid
471 782 583 858 unser,
613 780 764 878 paulatim
793 782 880 846 debe·

102 866 149 928 bit
169 865 189 926 b
208 865 391 929 assuescere.
420 867 552 928 Omnem
584 882 677 928 ettam
706 889 722 927 c
743 864 878 929 laborem

98 947 221 1012 facilius
242 951 294 1012 ves
322 968 393 1032 puer
414 950 462 1011 vel
491 948 605 1026 senex,
627 968 718 1032 quam
746 947 879 1016 insuetur

98 1033 194 1094 homo
225 1032 378 1096 sustinet.
409 1035 510 1117 Atque
537 1034 605 1097 ideo
635 1053 753 1117 quoque
783 1035 876 1099 nimir

45 1127 78 1169 :o
97 1115 202 1192 ociosa
222 1119 290 1179 vita
316 1116 401 1180 utilis
425 1138 486 1181 non
509 1117 567 1189 rsi3
587 1119 659 1213 quia
683 1115 778 1201 petest
799 1118 876 1180 inci·

95 1200 167 1263 dere
195 1200 313 1264 laboris
343 1200 519 1265 necessitas,
570 1201 749 1284 Siquando
773 1219 874 1265 tamen

95 1281 232 1347 insuetur
253 1284 365 1367 aliquis
386 1285 568 1360 laboravit,
588 1301 641 1347 aut
664 1287 763 1348 rnulto
782 1286 874 1369 plut,

94 1385 193 1448 quam
212 1366 307 1444 solet,
330 1368 422 1430 etiam
439 1370 536 1452 isqui
554 1367 697 1443 assuevit,
718 1367 787 1430 huic
802 1369 874 1441 jeju·
998 1418 1004 1425 .

91 1469 138 1511 no
159 1449 369 1514 dormiendum
392 1452 449 1513 esi:
471 1449 572 1513 musto
593 1450 717 1532 magis,
739 1451 759 1513 st
780 1454 875 1513 etiam

45 1539 70 1599 '5
92 1552 128 1595 us
147 1554 289 1597 amarum
305 1533 365 1608 ess,
386 1536 435 1597 ves
450 1533 533 1595 oculi
551 1532 713 1613 caligant,
734 1550 787 1596 aut
801 1554 873 1597 ven·

92 1633 142 1678 rer
166 1617 387 1700 perturbatur.
424 1618 511 1678 Tum
536 1616 618 1674 enim
643 1633 703 1675 nnn
727 1616 874 1679 dormien-

90 1698 169 1760 dum
196 1697 411 1760 tantummodo
437 1698 540 1768 ieiuno
563 1695 603 1756 ess
625 1739 635 1769 ‚
656 1694 702 1756 sed
727 1700 820 1759 etiam
842 1700 875 1758 in

95 1781 253 1858 posterum
281 1778 360 1838 diem
386 1779 432 1839 ita
486 1777 710 1852 rmanettdum,
740 1779 795 1838 nisi
817 1780 880 1838 cito

97 1858 135 1919 id
158 1860 248 1938 quies
271 1855 409 1918 sustulit.
441 1797 532 1930 {itud
554 1858 573 1920 sr
595 1856 706 1919 sadum
729 1858 794 1933 est,
822 1857 881 1921 sur-

45 1952 76 1992 ἑο
95 1959 176 2023 gere
198 1959 218 2000 ο
262 1953 339 2013 rtet,
359 1938 388 2003 δι
412 1938 495 2001 lente
519 1941 672 2023 paululum
698 1940 879 2003 ambulare.

93 2027 147 2088 Ar
170 2023 192 2083 fi
229 2021 317 2082 omni
338 2023 488 2086 necessitas
507 2042 568 2085 non
591 2022 748 2107 suit‚quia
765 2022 881 2086 modice
900 2047 989 2108 aa‚3.
1087 2058 1095 2069 =

89 2106 202 2187 magis
218 2103 526 2189 asiquissabnravit,
557 2125 658 2169 tamen
682 2107 800 2189 ingredi
822 2108 878 2170 asi·
1054 2132 1059 2141 ·

86 2200 250 2272 quantum
272 2187 373 2250 eodem
390 2189 482 2252 modo
495 2188 598 2251 deber.

131 2270 327 2336 Communia
351 2272 457 2334 deinde
480 2273 622 2337 omnibus
648 2272 717 2338 sunt
747 2270 810 2358 post
831 2272 875 2338 sa·

47 2354 280 2438 §rigationem
312 2352 413 2418 eibum
443 2353 603 2436 sumpturis
624 2403 634 2435 ‚
654 2359 718 2421 'ubi
750 2359 875 2442 pausum

86 2436 331 2501 ambulaverunt
353 2483 363 2515 ,
384 2439 412 2501 si
443 2438 590 2521 balneum
610 2460 673 2520 nnn
702 2442 742 2504 ess
758 2487 768 2520 ‚
785 2444 872 2506 eali·

87 2521 129 2584 do
152 2521 248 2598 loco,
270 2522 320 2585 vel
343 2523 376 2584 in
398 2520 482 2600 sose,
513 2525 562 2586 vel
589 2525 626 2586 ad
650 2525 751 2609 ignem
769 2528 867 2610 ungi,

90 2619 185 2687 atque
205 2602 327 2668 sudate:
348 2607 370 2667 fi
392 2605 458 2681 est,
480 2623 551 2669 ante
572 2609 677 2685 omnia
700 2612 732 2671 in
753 2608 868 2693 tepida·

92 2686 143 2747 rio
159 2687 278 2750 residete
296 2709 304 2749 :
326 2689 459 2767 deinde,
481 2689 535 2752 ubi
550 2692 867 2777 pausumconquieve·

47 2780 71 2821 0
93 2786 188 2845 runt,
208 2771 323 2834 intrare
338 2772 370 2835 δι
387 2771 557 2841 descendere
572 2775 606 2835 in
622 2777 641 2853 †
656 2773 762 2839 solium
773 2787 789 2850 ς’
802 2795 866 2840 turn
950 2829 954 2837 .
972 2774 980 2779 “

92 2851 200 2914 ιιιιιΙιο
216 2855 284 2919 oleo
305 2861 408 2939 ungi,
432 2856 597 2940 leniterque
617 2856 800 2941 petsricaria
813 2862 867 2926 ite-

89 2955 165 2998 rum
196 2937 227 2997 in
255 2936 363 3002 sosium
387 2939 587 3003 descendere:
619 2943 682 3024 post
712 2944 805 3021 hae,
834 2964 870 3007 oa

86 3036 178 3102 aqua
201 3020 299 3082 calida
327 3022 453 3099 fovete,
484 3024 589 3088 deinde
626 3023 767 3109 frigida.
798 3028 865 3091 Bas-

87 3121 185 3165 neum
208 3102 256 3165 his
278 3101 392 3169 serveris
414 3106 552 3170 idoneum
575 3126 637 3169 nnn
659 3110 699 3171 est
714 3155 727 3203 '.
747 3111 866 3194 Ergofi

137 3220 140 3229 ·
696 3212 827 3254 mmmm

131 3268 277 3354 bAphor.
299 3292 347 3336 ιι.
369 3292 416 3353 50.
438 3294 484 3334 ιι.
506 3277 553 3335 De
580 3275 666 3336 Dies.
687 3274 773 3353 xlttr.
792 3295 820 3334 2.
835 3294 866 3350 3·

48 3361 53 3372 ‘
88 3370 106 3412 ι
127 3353 199 3435 Aph.
212 3376 318 3438 tr,49.
350 3355 866 3433 †AsueumA.adHeten.sib.rt¹-to.
