2628 4204
416 176 489 250 ω,
592 160 818 260 aconti.
850 160 1006 226 cansr
1090 154 1155 222 rra.
1177 170 1222 241 ῃ

425 295 496 360 aellu
516 337 526 372 ,
548 290 650 354 ullave
665 288 756 350 iimili
774 306 804 350 re
823 285 883 350 luit
902 333 913 366 ,
942 289 1007 364 lic,
1030 300 1066 349 ut
1082 284 1219 348 interior

428 379 517 442 nulla
533 371 620 438 causa
638 386 755 435 metunt
771 369 895 448 fecerit,
919 373 1036 455 postero
1051 370 1117 446 die,
1139 390 1221 433 cum

427 478 544 543 tempus
560 455 734 520 accessionis
750 457 797 519 ita
813 454 935 518 transiit
952 499 963 534 ‚
992 471 1026 521 ut
1044 452 1125 517 nihil
1145 473 1223 515 mo-

426 558 530 617 verer,
553 539 640 602 cibus
656 538 724 603 dati
742 538 855 623 potest.
883 543 945 618 At,
968 538 1223 603 fiexaltoealot

427 624 512 692 venit
530 644 540 696 3
562 624 594 688 bt
609 624 747 708 gravitas
763 623 813 688 vel
830 625 943 708 capitis
959 625 1009 688 vel
1034 622 1223 708 pracordio-
1258 641 1270 699 5

424 728 491 775 tum
514 704 617 770 secuta
638 707 697 781 est;
720 726 816 792 neque
838 727 966 793 apparet
981 752 997 784 ‚-
1014 706 1089 791 quid
1105 726 1223 791 corpur

425 790 597 858 confuderit
613 789 632 864 ς’
652 795 796 876 quamvis
820 813 915 857 unam
947 791 1149 856 acceslionern
1177 789 1223 853 se-

425 894 497 944 cuta
515 875 677 959 integritas
693 876 752 940 eil:
775 892 906 954 tannen,
928 878 1002 961 quia
1019 877 1161 941 tertiana
1181 876 1221 938 ti·

426 962 501 1025 atteri
512 959 623 1044 potest,
646 961 847 1045 repedandus
865 962 905 1026 est
921 963 985 1025 dies
1001 960 1112 1024 tertius
1126 980 1137 1033 3
1159 959 1220 1037 bt,

425 1045 479 1110 ubi
497 1041 671 1107 accessionis
688 1061 807 1130 tempus
824 1047 997 1132 preteriit,
1028 1044 1120 1108 cibus
1144 1042 1220 1106 dan·
1234 1064 1255 1105 n

423 1129 478 1192 dut
500 1127 567 1205 est,
591 1124 638 1189 sed
656 1129 809 1212 exiguum
829 1132 903 1216 quia
919 1147 1074 1214 quartana
1090 1148 1219 1213 quoque
1297 1184 1303 1195 .

425 1212 531 1276 timeri
557 1209 677 1308 potest.
710 1213 755 1275 At
787 1213 837 1277 die
861 1231 972 1299 quarto
1004 1213 1165 1291 demum,
1198 1208 1220 1277 ti
1298 1206 1303 1224 ²

424 1294 1102 1446 330³3313230mer40e0oe333v3au3
1128 1313 1219 1445 ⁰322·

424 1480 459 1527 to
480 1463 530 1527 die
552 1463 653 1528 secuta
682 1380 777 1529 fem
797 1427 866 1540 est’3
895 1464 969 1529 scire
999 1426 1099 1543 licet,
1125 1402 1253 1541 inor-15

425 1546 499 1611 bum
515 1548 589 1611 else.
612 1548 670 1612 Sed
685 1549 909 1626 tertianarum,
931 1563 1212 1634 quartanarumque

424 1633 576 1716 (quarum
593 1631 625 1697 ἃ
643 1633 922 1707 comminuitur,
946 1635 979 1698 dr
990 1631 1059 1697 linit
1072 1635 1200 1714 integer,

423 1714 457 1778 bn
482 1713 654 1780 liberaliter
675 1719 782 1802 quieta
808 1733 946 1802 tempora
970 1716 1064 1795 sunt)
1078 1713 1194 1797 expedi·

424 1799 488 1861 tior
505 1802 589 1864 ratio
604 1802 661 1865 est.
686 1801 723 1866 de
740 1802 852 1886 quibus
873 1801 925 1866 suo
941 1801 1133 1866 locodicant.
1174 1778 1205 1831 ⁸

468 1884 563 1951 Nunc
590 1905 664 1950 veto
686 1905 737 1949 eaa
761 1887 951 1969 explicabo,

426 1986 561 2051 urgent.
595 1968 699 2051 Igitur
721 1970 816 2031 tertio
838 1988 958 2055 quoque
982 1908 1032 2035 Sic
1060 1967 1149 2033 cubus
1174 1990 1211 2033 n·

424 2070 481 2134 gro
505 2048 745 2115 commodissime
772 2048 894 2126 datut3
924 2070 959 2119 ut
992 2055 1073 2119 alten
1095 2051 1208 2117 febrem

425 2133 568 2211 minuat,
591 2132 671 2198 alter
685 2134 803 2199 vitibus
819 2134 999 2204 subveniat.
1025 2138 1129 2203 Sedis
1148 2137 1201 2202 ἀπ’

422 2214 540 2294 debet,
562 2216 582 2280 st
602 2216 787 2302 quotidiana
808 2218 900 2284 febris
921 2224 989 2301 eil,
1017 2244 1083 2309 qua
1107 2244 1149 2288 ex
1167 2242 1191 2285 n

423 2315 457 2361 to
478 2299 619 2379 deinat,
651 2301 831 2401 {imulatque
853 2324 960 2390 corpus
983 2309 1144 2393 intqtum
1171 2305 1240 2383 lm

419 2382 503 2447 stum
521 2384 562 2449 eil
578 2405 588 2446 ε
610 2386 652 2447 lin
669 2432 679 2463 ,
701 2388 844 2470 quamvis
860 2410 924 2454 non
941 2393 1151 2469 accelsrones,
1172 2389 1208 2455 lo·

419 2464 488 2529 br&
510 2483 614 2530 tmen
636 2468 831 2554 iunguntur,
862 2474 893 2539 δι
920 2475 1061 2560 quotidie
1085 2475 1207 2562 quiden
1253 2540 1256 2555 ,

1005 1906 1048 1951 uae
1071 1881 1210 1982 quotidie
1226 1903 1256 1947 ae

419 2547 610 2630 increscunt,
633 2550 681 2616 sed
699 2554 759 2619 line
776 2556 841 2621 inte
864 2561 956 2625 ritate
978 2578 1084 2626 tamen
1103 2561 1208 2625 remit·

418 2647 517 2710 tunt,
547 2654 617 2698 curn
643 2657 751 2724 corpus
778 2640 824 2705 ita
842 2579 874 2707 {e
903 2640 1023 2725 habet,
1053 2662 1089 2711 ut
1110 2646 1208 2720 major

419 2714 553 2812 remidio
574 2739 636 2784 non
665 2725 864 2808 expedietur:
896 2730 917 2792 li
946 2731 1046 2794 altero
1066 2729 1120 2794 die
1139 2738 1250 2816 gnei·

417 2817 505 2881 uror,
528 2801 627 2870 altero
644 2806 743 2873 levior
761 2809 887 2875 accellio
902 2812 944 2876 est
961 2858 972 2892 ,
1003 2814 1068 2900 poll
1083 2816 1211 2899 gravio-

415 2902 506 2981 rem.
538 2888 614 2953 Fere
644 2913 718 2957 vero
747 2896 922 2978 gravionem
945 2898 1141 2964 acceiiionenn
1165 2899 1209 2961 le·

416 2986 487 3041 nor
507 2992 527 3028 a
548 2990 609 3037 nox
631 2973 791 3062 sequitur:
813 3001 875 3065 quo
892 2979 929 3044 stt
948 3028 958 3059 ,
980 3000 1016 3048 ut
1031 2984 1211 3070 graviorem

415 3049 613 3120 accessionem
640 3080 702 3132 nor
723 3083 843 3150 quoque
873 3065 988 3133 tristior
1009 3067 1173 3134 antecedat
1195 3109 1206 3129 ·

1098 3155 1156 3229 dt,

458 3239 478 3284 a
499 3222 576 3308 Apb.
588 3176 641 3290 tt.
654 3248 703 3312 ¹3·
