2656 4226
107 204 223 280 cap-3·
331 191 682 259 MEDICINA.
849 217 887 280 η

111 317 254 396 tortia,
281 317 395 380 lassat.
428 317 517 391 Quod
547 319 626 381 enirn
649 335 758 381 contra
779 343 796 381 e
815 341 886 384 cun·

112 404 296 471 suetudinem
318 402 382 478 est,
404 418 523 481 nocet,
545 400 591 466 seu
613 402 733 480 molle,
760 400 812 466 seu
835 405 916 506 dn·x

111 488 256 551 tumst.
787 526 793 541 ·

155 571 272 653 Proprie
291 566 428 651 quadam
459 568 498 631 ad
528 590 595 631 eum
619 569 799 655 pertinent,
830 571 884 652 qui

72 678 92 742 5
116 652 292 717 amburendo
314 650 492 734 fatigatur.
525 653 616 716 Hunc
646 653 743 717 reiicit
767 652 884 736 inipso

113 758 224 820 quoque
244 737 355 801 itinere
386 734 521 817 frequent
551 734 675 803 frictio:
709 735 772 819 pon
793 737 883 812 iter,

109 822 236 905 primurn
258 819 376 894 sedile,
407 819 513 885 deinde
533 822 636 885 uenio
659 843 668 893 ;
697 837 763 885 ttttn
782 818 884 885 calida

107 923 185 986 aqua
217 921 271 967 aut
303 902 415 969 balneo
443 896 540 986 tnagis
570 903 726 969 inferiores
758 919 883 988 parret,

105 1008 197 1070 quarn
221 986 381 1070 superiores
399 984 522 1051 sovettt.
546 988 660 1073 Siquis
677 1006 750 1053 veru
767 986 883 1051 exustus

36 1096 80 1141 eo
107 1073 137 1132 iu
161 1069 222 1133 sose
243 1072 305 1146 est,
339 1071 410 1140 huic
435 1071 469 1133 itt
497 1070 636 1136 balneum
655 1072 793 1157 protinus
810 1090 882 1134 eun·
986 1090 992 1101 ·

103 1154 175 1217 dum
199 1154 271 1230 est,
295 1152 592 1252 perfundendumque
622 1158 691 1221 oleo
713 1174 818 1237 corpus
850 1154 880 1216 ἃ

103 1237 362 1385 &sinisii
371 1236 882 1407 ‚¹¹¹1st¹¹32¹313‘¹23„{²¹;i¹:¹¹22552

103 1401 310 1482 infundenda,
334 1408 412 1487 prius
430 1406 553 1480 talida,
575 1401 681 1467 deinde
697 1401 809 1487 frigida
825 1406 879 1467 tsi.

33 1509 76 1570 15
104 1494 147 1553 At
169 1489 224 1566 ei,
246 1490 301 1575 qui
324 1486 460 1569 perfrixit
483 1531 494 1562 ‚
528 1506 601 1568 opus
630 1486 723 1548 estin
746 1487 883 1551 laconico

102 1571 238 1651 primurn
275 1570 417 1633 inuoluto
447 1569 576 1640 sedere,
606 1568 701 1628 donec
737 1568 884 1640 insudet3

102 1668 172 1715 runt
194 1654 272 1734 ungi
290 1673 302 1724 3
321 1650 427 1717 deinde
450 1649 570 1713 laverit
591 1650 695 1715 cibum
711 1652 884 1728 modicum,

105 1735 252 1812 potiones
270 1751 403 1793 mertens
421 1731 582 1793 assumere.

155 1813 189 1872 Is
210 1828 312 1885 vero,
333 1813 384 1891 qui
405 1811 594 1892 nauigauit,
615 1813 646 1879 δι
665 1810 774 1874 nausea
791 1812 892 1892 pressus

43 1917 85 1963 ιο
109 1892 182 1968 esi,
204 1893 227 1954 fi
251 1892 377 1955 multam
396 1891 490 1954 bilem
509 1896 661 1969 evomuit,
685 1895 732 1956 uei
750 1894 892 1960 abstinere

107 1975 185 2039 cibo
209 1973 330 2050 debet,
364 1975 412 2039 ves
435 1975 556 2061 pausum
579 1978 697 2062 aliquid
718 1977 888 2041 assumere.

102 2060 139 2122 Si
170 2058 320 2143 pituitam
355 2060 474 2124 acidam
508 2059 636 2136 effudit,
667 2063 770 2205 utipue
796 2059 890 2125 sume-

97 2161 134 2202 re
159 2141 296 2215 cibum,
328 2139 373 2204 sed
395 2142 506 2207 affueto
523 2144 685 2209 seriorem:
719 2168 727 2207 t

95 2223 182 2287 mitu
201 2221 385 2299 nauseant,
416 2226 464 2288 ves
481 2224 654 2302 abstinere,
686 2229 734 2289 vei
759 2229 822 2310 post
841 2233 885 2293 ti·

29 2328 69 2392 ²5
95 2305 174 2371 burn
192 2325 338 2371 vomere.
364 2309 424 2382 Qui
444 2327 514 2371 vero
532 2326 600 2374 toto
615 2310 693 2388 die,
715 2312 764 2374 ves
783 2315 814 2375 in
834 2334 884 2376 re·

93 2389 232 2466 hirnia,
263 2391 313 2455 vel
334 2391 367 2452 itt
390 2389 562 2474 spetiacusis
584 2392 687 2473 sedit,
710 2395 781 2459 huic
802 2397 881 2461 nihii

92 2472 278 2539 currendum
309 2518 319 2550 ,
349 2471 396 2539 sed
429 2475 511 2537 lente
550 2477 769 2544 ambulandum
808 2480 880 2544 est.

92 2558 202 2618 Lenta
221 2577 341 2640 quoque
364 2558 395 2619 in
419 2558 531 2623 balneo
562 2580 672 2639 mora,
700 2564 769 2627 dein
791 2584 880 2629 coena

98 2638 210 2720 exigua
243 2640 372 2724 prodesse
402 2641 642 2707 consueverunt.
679 2647 718 2710 -Si
746 2649 813 2729 quit
846 2649 879 2710 iu

29 2742 74 2809 30
99 2721 216 2787 balneo
236 2726 370 2799 estuat,
401 2724 496 2789 reficit
524 2725 603 2791 huuc
626 2749 675 2793 ore
697 2746 879 2812 exceptum,

99 2804 136 2867 &
162 2805 249 2875 ineo
280 2826 429 2877 retentum
453 2827 599 2877 acetum:
629 2814 704 2877 stid
730 2834 791 2879 non
814 2815 878 2891 esi,

98 2886 211 2949 eodem
232 2892 320 2955 modo
348 2889 458 2974 frigida
488 2913 567 2976 aqua
588 2897 765 2978 assumpta.
800 2901 880 2962 Ante

97 2971 215 3035 omnia
235 2992 333 3039 autent
358 2971 430 3039 scire
451 2979 595 3042 conuenit
616 2981 640 3057 f
653 2996 794 3043 naturttn
817 3001 879 3043 cor-

94 3055 205 3144 poris:
228 3059 299 3140 quit
317 3060 372 3127 aiii
389 3060 535 3143 graciles,
557 3061 614 3125 etii
630 3061 884 3203 obestsuntsdniii

751 3164 846 3206 cett

141 3243 157 3287 e
177 3222 287 3314 Aphor.
301 3244 349 3289 ιι.
361 3246 408 3309 ςο.
451 3223 470 3286 s
484 3229 580 3291 Cicero
596 3228 729 3293 dromi.
743 3246 793 3306 ῃ.
805 3247 857 3307 44.

744 2146 804 2209 fine
831 2167 886 2211 ro·
977 2148 980 2153 “
